@article{freund2016new,
  title={New analysis and results for the Frank--Wolfe method},
  author={Freund, Robert M and Grigas, Paul},
  journal={Mathematical Programming},
  volume={155},
  number={1-2},
  pages={199--230},
  year={2016},
  publisher={Springer}
}
